<collection xmlns="http://www.loc.gov/MARC21/slim">
<record>
  <leader>04752nam0a22006611i 450 </leader>
  <controlfield tag="001">IT\ICCU\CNCE\047920</controlfield>
  <controlfield tag="005">20170522000000.0</controlfield>
  <datafield tag="012" ind1=" " ind2=" ">
    <subfield code="a">e.t. q*e. ueue napu (3) 1531 (R)</subfield>
    <subfield code="2">fei</subfield>
    <subfield code="9">1</subfield>
  </datafield>
  <datafield tag="012" ind1=" " ind2=" ">
    <subfield code="a">u-u- i.ra rur- pute (3) 1531 (Q)</subfield>
    <subfield code="2">fei</subfield>
    <subfield code="9">2</subfield>
  </datafield>
  <datafield tag="012" ind1=" " ind2=" ">
    <subfield code="a">*.bi utis ntns cola (3) 1531 (Q)</subfield>
    <subfield code="2">fei</subfield>
    <subfield code="9">3</subfield>
  </datafield>
  <datafield tag="012" ind1=" " ind2=" ">
    <subfield code="a">c.co la:&amp; a&amp;a- saCa (3) 1531 (Q)</subfield>
    <subfield code="2">fei</subfield>
    <subfield code="9">4</subfield>
  </datafield>
  <datafield tag="012" ind1=" " ind2=" ">
    <subfield code="a">tede bif- ciut rimi (3) 1531 (Q)</subfield>
    <subfield code="2">fei</subfield>
    <subfield code="9">5</subfield>
  </datafield>
  <datafield tag="012" ind1=" " ind2=" ">
    <subfield code="a">mao- a:n- u-de inno (3) 1531 (Q)</subfield>
    <subfield code="2">fei</subfield>
    <subfield code="9">6</subfield>
  </datafield>
  <datafield tag="012" ind1=" " ind2=" ">
    <subfield code="a">i-da tise itum nuvt (3) 1531 (Q)</subfield>
    <subfield code="2">fei</subfield>
    <subfield code="9">7</subfield>
  </datafield>
  <datafield tag="012" ind1=" " ind2=" ">
    <subfield code="a">enin a.st tipe paap (3) 1531 (Q)</subfield>
    <subfield code="2">fei</subfield>
    <subfield code="9">8</subfield>
  </datafield>
  <datafield tag="012" ind1=" " ind2=" ">
    <subfield code="a">i.t: i-a- s-la *tma (3) 1531 (A)</subfield>
    <subfield code="2">fei</subfield>
    <subfield code="9">9</subfield>
  </datafield>
  <datafield tag="100" ind1=" " ind2=" ">
    <subfield code="a">19990308d1531        0itac0103    ba</subfield>
  </datafield>
  <datafield tag="101" ind1=" " ind2=" ">
    <subfield code="a">LAT</subfield>
  </datafield>
  <datafield tag="102" ind1=" " ind2=" ">
    <subfield code="a">IT</subfield>
  </datafield>
  <datafield tag="200" ind1="1" ind2=" ">
    <subfield code="a">Preclarissimum \!! Epitoma super totam naturalem philosophiam et metaphisicam Aristotelis: necnon subtilissima enucleatio propositionum omnium in librum de causis: nuperrime ad lucem edidita \!!: auctore reuerendo patre sacre theologie professore dignissimo Chrysostomo Jauello Canapitio: almi ordinis predicatorum congregationis Lombardie ...</subfield>
  </datafield>
  <datafield tag="210" ind1=" " ind2=" ">
    <subfield code="d">1531</subfield>
  </datafield>
  <datafield tag="215" ind1=" " ind2=" ">
    <subfield code="a">9 pt.</subfield>
    <subfield code="d">4ʻ</subfield>
  </datafield>
  <datafield tag="300" ind1=" " ind2=" ">
    <subfield code="a">1: la pt. 1., senza un proprio front., contiene l&apos; Epitoma super octo libros de physica auscultatione Aristotelis (tit. dell&apos;intitolaz.). - 2: Epithoma super quattuor libros de celo et mundo Ari. - 3: Epithoma super libros de generatione et corruptione Ari. - 4: Epithoma magistri Crisostomi Iauelli ... in libros metheororum Aristotelis. - 5: Epithoma  ... sup. parua naturalia Arist. - 6: Super propositiones libri de causis. - 7: Epitoma super methaphisicam Aristote. - 8: Tractatus de transendentibus peuius methaphisice. - 9: Epitoma super libros de anima Aristotelis. (Impressum Venetijs : in edibus Francisci Bindoni ac Maphei Pasini sociorum : ad instantiam Ioannis Marqualis, 1531 die 19 Maij)</subfield>
  </datafield>
  <datafield tag="423" ind1=" " ind2="0">
    <subfield code="1">001IT\ICCU\CNCE\052037</subfield>
    <subfield code="1">2001 </subfield>
    <subfield code="a">Epithoma super quattuor libros de celo et mundo Ari.</subfield>
  </datafield>
  <datafield tag="423" ind1=" " ind2="0">
    <subfield code="1">001IT\ICCU\CNCE\052038</subfield>
    <subfield code="1">2001 </subfield>
    <subfield code="a">Epithoma super libros de generatione et corruptione Ari.</subfield>
  </datafield>
  <datafield tag="423" ind1=" " ind2="0">
    <subfield code="1">001IT\ICCU\CNCE\052039</subfield>
    <subfield code="1">2001 </subfield>
    <subfield code="a">Epithoma magistri Crisostomi iauelli ... in libros metheororum Aristotelis.</subfield>
  </datafield>
  <datafield tag="423" ind1=" " ind2="0">
    <subfield code="1">001IT\ICCU\CNCE\052040</subfield>
    <subfield code="1">2001 </subfield>
    <subfield code="a">Epithoma  ... sup. parua naturalia Arist.</subfield>
  </datafield>
  <datafield tag="423" ind1=" " ind2="0">
    <subfield code="1">001IT\ICCU\CNCE\069714</subfield>
    <subfield code="1">2001 </subfield>
    <subfield code="a">Epithoma super libros de anima Aristotelis.</subfield>
  </datafield>
  <datafield tag="423" ind1=" " ind2="0">
    <subfield code="1">001IT\ICCU\CNCE\069715</subfield>
    <subfield code="1">2001 </subfield>
    <subfield code="a">Tractatus de transcendentibus preuius methaphisice.</subfield>
  </datafield>
  <datafield tag="423" ind1=" " ind2="0">
    <subfield code="1">001IT\ICCU\CNCE\069716</subfield>
    <subfield code="1">2001 </subfield>
    <subfield code="a">Epithoma reuerendi patris fratris Crisostomi Iauelli Canapitij ... super propositiones libri de causis, &amp; vnicuique propositioni apposito commento, ac etiam examina earundem.</subfield>
  </datafield>
  <datafield tag="423" ind1=" " ind2="0">
    <subfield code="1">001IT\ICCU\CNCE\069717</subfield>
    <subfield code="1">2001 </subfield>
    <subfield code="a">Epitoma super methaphisicam Aristote.</subfield>
  </datafield>
  <datafield tag="620" ind1=" " ind2=" ">
    <subfield code="a">IT</subfield>
    <subfield code="d">Venezia</subfield>
  </datafield>
  <datafield tag="700" ind1=" " ind2="1">
    <subfield code="a">Javelli,</subfield>
    <subfield code="b">Giovanni Crisostomo</subfield>
    <subfield code="3">IT\ICCU\CNCA\006969</subfield>
  </datafield>
  <datafield tag="702" ind1=" " ind2="0">
    <subfield code="a">Aristoteles</subfield>
    <subfield code="3">IT\ICCU\CNCA\000006</subfield>
  </datafield>
  <datafield tag="712" ind1="0" ind2="0">
    <subfield code="a">Bindoni, Francesco &lt;1.&gt; &amp; Pasini, Maffeo</subfield>
    <subfield code="3">IT\ICCU\CNCT\000060</subfield>
    <subfield code="4">650</subfield>
  </datafield>
  <datafield tag="712" ind1="0" ind2="0">
    <subfield code="a">Dalla_Rosa, Giovanni</subfield>
    <subfield code="3">IT\ICCU\CNCT\001444</subfield>
    <subfield code="4">650</subfield>
  </datafield>
  <datafield tag="790" ind1=" " ind2="1">
    <subfield code="a">Iavellus,</subfield>
    <subfield code="b">Chrysostomus</subfield>
    <subfield code="3">IT\ICCU\CNCA\013134</subfield>
    <subfield code="z">Javelli, Giovanni Crisostomo</subfield>
  </datafield>
  <datafield tag="790" ind1=" " ind2="1">
    <subfield code="a">Giavelli,</subfield>
    <subfield code="b">Giovanni Crisostomo</subfield>
    <subfield code="3">IT\ICCU\CNCA\014150</subfield>
    <subfield code="z">Javelli, Giovanni Crisostomo</subfield>
  </datafield>
  <datafield tag="790" ind1=" " ind2="1">
    <subfield code="a">Iavelli,</subfield>
    <subfield code="b">Crisostomo</subfield>
    <subfield code="3">IT\ICCU\CNCA\020034</subfield>
    <subfield code="z">Javelli, Giovanni Crisostomo</subfield>
  </datafield>
  <datafield tag="790" ind1=" " ind2="0">
    <subfield code="a">Aristotele</subfield>
    <subfield code="3">IT\ICCU\CNCA\018928</subfield>
    <subfield code="z">Aristoteles</subfield>
  </datafield>
  <datafield tag="791" ind1="0" ind2="2">
    <subfield code="a">℗al segno dell&apos;℗Angelo Raffaele</subfield>
    <subfield code="c"> &lt;1531-1546&gt;</subfield>
    <subfield code="3">IT\ICCU\CNCT\002984</subfield>
    <subfield code="z">Bindoni, Francesco &lt;1.&gt; &amp; Pasini, Maffeo</subfield>
  </datafield>
  <datafield tag="791" ind1="0" ind2="0">
    <subfield code="a">Rosa, Giovanni da la</subfield>
    <subfield code="3">IT\ICCU\CNCT\003197</subfield>
    <subfield code="z">Dalla_Rosa, Giovanni</subfield>
  </datafield>
  <datafield tag="791" ind1="0" ind2="0">
    <subfield code="a">Marqual, Ioannes</subfield>
    <subfield code="3">IT\ICCU\CNCT\006043</subfield>
    <subfield code="z">Dalla_Rosa, Giovanni</subfield>
  </datafield>
  <datafield tag="801" ind1=" " ind2="3">
    <subfield code="a">IT</subfield>
    <subfield code="b">ICCU</subfield>
    <subfield code="c">20201115</subfield>
  </datafield>
  <datafield tag="899" ind1=" " ind2=" ">
    <subfield code="a">Biblioteca comunale Giulio Gabrielli. Ascoli Piceno</subfield>
    <subfield code="1">AP0006</subfield>
    <subfield code="2">UMC AP</subfield>
  </datafield>
  <datafield tag="899" ind1=" " ind2=" ">
    <subfield code="a">Biblioteca del Seminario vescovile. Asti</subfield>
    <subfield code="1">AT0005</subfield>
    <subfield code="2">TO0 45</subfield>
  </datafield>
  <datafield tag="899" ind1=" " ind2=" ">
    <subfield code="a">Biblioteca provinciale dei Cappuccini di Puglia. Bari</subfield>
    <subfield code="1">BA0017</subfield>
    <subfield code="2">BA1 21</subfield>
  </datafield>
  <datafield tag="899" ind1=" " ind2=" ">
    <subfield code="a">Biblioteca universitaria. Cagliari</subfield>
    <subfield code="z">MUTILO</subfield>
    <subfield code="1">CA0194</subfield>
    <subfield code="2">CAG UC</subfield>
  </datafield>
  <datafield tag="899" ind1=" " ind2=" ">
    <subfield code="a">Biblioteca comunale. Enna</subfield>
    <subfield code="z">MUTILO</subfield>
    <subfield code="1">EN0025</subfield>
    <subfield code="2">ZEN 01</subfield>
  </datafield>
  <datafield tag="899" ind1=" " ind2=" ">
    <subfield code="a">Pontificia Biblioteca Antoniana. Padova</subfield>
    <subfield code="z">MUTILO</subfield>
    <subfield code="1">EX0020</subfield>
    <subfield code="2">PUV 78</subfield>
  </datafield>
  <datafield tag="899" ind1=" " ind2=" ">
    <subfield code="a">Biblioteca provinciale La Magna Capitana. Foggia</subfield>
    <subfield code="1">FG0046</subfield>
    <subfield code="2">FOG FG</subfield>
  </datafield>
  <datafield tag="899" ind1=" " ind2=" ">
    <subfield code="a">Biblioteca statale del Monumento nazionale di Montecassino. Cassino</subfield>
    <subfield code="1">FR0084</subfield>
    <subfield code="2">RML 25</subfield>
  </datafield>
  <datafield tag="899" ind1=" " ind2=" ">
    <subfield code="a">Biblioteca provinciale dei Cappuccini liguri. Genova</subfield>
    <subfield code="1">GE0039</subfield>
    <subfield code="2">LIG 27</subfield>
  </datafield>
  <datafield tag="899" ind1=" " ind2=" ">
    <subfield code="a">Biblioteca comunale Lorenzo Leonj. Todi</subfield>
    <subfield code="1">PG0172</subfield>
    <subfield code="2">UM1 20</subfield>
  </datafield>
  <datafield tag="899" ind1=" " ind2=" ">
    <subfield code="a">Biblioteca Oliveriana. Pesaro</subfield>
    <subfield code="1">PU0061</subfield>
    <subfield code="2">URB OL</subfield>
  </datafield>
  <datafield tag="899" ind1=" " ind2=" ">
    <subfield code="a">Biblioteca comunale Classense. Ravenna</subfield>
    <subfield code="1">RA0036</subfield>
    <subfield code="2">RAV CL</subfield>
  </datafield>
  <datafield tag="899" ind1=" " ind2=" ">
    <subfield code="a">Biblioteca nazionale centrale. Roma</subfield>
    <subfield code="z">MUTILO</subfield>
    <subfield code="1">RM0267</subfield>
    <subfield code="2">BVE CR</subfield>
  </datafield>
  <datafield tag="899" ind1=" " ind2=" ">
    <subfield code="a">Biblioteca capitolare. Vercelli</subfield>
    <subfield code="1">VC0074</subfield>
    <subfield code="2">TO0 Y9</subfield>
  </datafield>
</record>
</collection>
